@article{2015Traffic,
  title={Traffic Flow Prediction With Big Data: A Deep Learning Approach},
  author={ Lv, Y.  and  Duan, Y.  and  Kang, W.  and  Li, Z.  and  Wang, F. Y. },
  journal={IEEE Transactions on Intelligent Transportation Systems},
  volume={16},
  number={2},
  pages={865-873},
  year={2015},
}

@inproceedings{2017Traffic,
  title={Traffic Flow Prediction with Big Data: A Deep Learning based Time Series Model},
  author={ Chen, Y.  and  Lei, S.  and  Lei, W. },
  booktitle={IEEE INFOCOM 2017 -IEEE Conference on Computer Communications Workshops (INFOCOM WKSHPS)},
  year={2017},
}

@article{2019Big,
  title={Big data‐driven machine learning‐enabled traffic flow prediction},
  author={ Fanhui, Kong  and  Jian, Li  and  Bin, Jiang  and  Tianyuan, Zhang  and  Houbing, Song },
  journal={Transactions on Emerging Telecommunications Technologies},
  volume={30},
  pages={e3482-},
  year={2019},
}

@article{2019Deep,
  title={Deep Transfer Learning for Intelligent Cellular Traffic Prediction Based on Cross-Domain Big Data},
  author={ Zhang, C.  and  Zhang, H.  and  Qiao, J.  and  Yuan, D.  and  Zhang, M. },
  journal={IEEE Journal on Selected Areas in Communications},
  pages={1-1},
  year={2019},
}

@article{Hong2014Deep,
  title={Deep Architecture for Traffic Flow Prediction: Deep Belief Networks With Multitask Learning},
  author={Hong and H. and Xie and K. and Huang and W. and Song and G.},
  journal={IEEE transactions on intelligent transportation systems},
  volume={15},
  number={5},
  pages={2191-2201},
  year={2014},
}


/* 
title：论文题目,
author：论文作者,
journal：论文发布期刊、会议或者所属，有些论文用booktitle,
volume：卷,
number：号,
pages：页码,
year：年份
*/